@Book{xie2015,
  title = {Dynamic Documents with {R} and knitr},
  author = {Yihui Xie},
  publisher = {Chapman and Hall/CRC},
  address = {Boca Raton, Florida},
  year = {2015},
  edition = {2nd},
  note = {ISBN 978-1498716963},
  url = {http://yihui.org/knitr/},
}

@article{kubivcek2011,
  title={Thematic uncertainty visualization usability--comparison of basic methods},
  author={Kubíček, Petr and Šašinka, Čeněk},
  journal={Annals of GIS},
  volume={17},
  number={4},
  pages={253--263},
  year={2011},
  publisher={Taylor \& Francis}
}

@article{maceachren2012,
  title={Visual semiotics \& uncertainty visualization: An empirical study},
  author={MacEachren, Alan M and Roth, Robert E and O'Brien, James and Li, Bonan and Swingley, Derek and Gahegan, Mark},
  journal={IEEE transactions on visualization and computer graphics},
  volume={18},
  number={12},
  pages={2496--2505},
  year={2012},
  publisher={IEEE}
}

@article{lucchesi2017,
  title={Visualizing uncertainty in areal data with bivariate choropleth maps, map pixelation and glyph rotation},
  author={Lucchesi, Lydia R and Wikle, Christopher K},
  journal={Stat},
  volume={6},
  number={1},
  pages={292--302},
  year={2017},
  publisher={Wiley Online Library}
}